<?xml version="1.0" encoding="UTF-8"?><collection xmlns="http://www.loc.gov/MARC21/slim"><record><leader>00538nam--2200193-i-4500</leader><controlfield tag="001">000001106</controlfield><controlfield tag="002">20161230</controlfield><controlfield tag="005">20170107115804</controlfield><controlfield tag="008">060222s1000------------r-----000-0-ger-d</controlfield><datafield ind1=" " ind2=" " tag="040"><subfield code="a">IFIN-HH</subfield></datafield><datafield ind1=" " ind2=" " tag="041"><subfield code="a">ger</subfield></datafield><datafield ind1=" " ind2=" " tag="080"><subfield code="a">532.5:62-85</subfield></datafield><datafield ind1="1" ind2=" " tag="100"><subfield code="a">Helm, L©Łszl©đ</subfield></datafield><datafield ind1="1" ind2="0" tag="245"><subfield code="a">Einfuhrung in die fluidik. Pneumatische logische elemente und systeme, mit 130 bildern und 11 tafeln</subfield></datafield><datafield ind1=" " ind2=" " tag="260"><subfield code="a">Budapest</subfield><subfield code="b">Akad©♭miai Kiad©đ</subfield><subfield code="c">1971</subfield></datafield><datafield ind1=" " ind2=" " tag="300"><subfield code="a">166 p</subfield></datafield><datafield ind1="1" ind2=" " tag="700"><subfield code="a">Marton, J©đzsef</subfield></datafield><datafield ind1=" " ind2=" " tag="852"><subfield code="a">36781</subfield><subfield code="c">532</subfield></datafield><datafield ind1=" " ind2=" " tag="CAT"><subfield code="a">SYS</subfield><subfield code="c">20170107</subfield><subfield code="h">115804</subfield></datafield></record></collection>